@book{bloomfield2016eastern,
  title={Eastern Ojibwa: Grammatical Sketch, Texts and Word List},
  author={Bloomfield, L.},
  isbn={9780472750306},
  url={https://books.google.com/books?id=ka8BMQAACAAJ},
  year={2016},
  publisher={University of Michigan Press}
}

@book{todd1970grammar,
  title={A Grammar of the Ojibwa Language: The Severn Dialect},
  author={Todd, E.M.},
  url={https://books.google.com/books?id=eg9qnQEACAAJ},
  year={1970},
  publisher={University of North Carolina at Chapel Hill}
}


@misc{wiscgrammar, 
title= {Anishinaabemowin Grammar},
author={Valentine,Rand},
url= {http://imp.lss.wisc.edu/~jrvalent/ais301/index.html},
year={2017},
publisher ={University of Wisconsin, Madison}
}